@article{lee2017poisson,
  title={On the" Poisson Trick" and its Extensions for Fitting Multinomial Regression Models},
  author={Lee, Jarod YL and Green, Peter J and Ryan, Louise M},
  journal={arXiv preprint arXiv:1707.08538},
  year={2017}
}
