@article{jia2022risk,
  title={{Risk scores for predicting HIV incidence among adult heterosexual populations in sub-Saharan Africa: a systematic review and meta-analysis}},
  author={Jia, Katherine M and Eilerts, Hallie and Edun, Olanrewaju and Lam, Kevin and Howes, Adam and Thomas, Matthew L and Eaton, Jeffrey W},
  journal={Journal of the International AIDS Society},
  volume={25},
  number={1},
  pages={e25861},
  year={2022},
  publisher={Wiley Online Library}
}

@article{slaymaker2020croi,
  title={{Risk factors for new HIV infections in the general population in sub-Saharan Africa}},
  author={Slaymaker, Emma and Risher, Kathryn A. and Abdul, Ramadhani and Marston, Milly and Tomlin, Keith and Newton, Robert and Ndyanabo, Anthony and McLean, Estelle and Dadirai, Tawanda and Kwaro, Daniel and Baisley, Kathy and Kishamawe, Coleman},
  year={2020}
}

@article{eaton2021naomi,
author = {Eaton, Jeffrey W. and Dwyer-Lindgren, Laura and Gutreuter, Steve and O'Driscoll, Megan and Stevens, Oliver and Bajaj, Sumali and Ashton, Rob and Hill, Alexandra and Russell, Emma and Esra, Rachel and Dolan, Nicolas and Anifowoshe, Yusuf O. and Woodbridge, Mark and Fellows, Ian and Glaubius, Robert and Haeuser, Emily and Okonek, Taylor and Stover, John and Thomas, Matthew L. and Wakefield, Jon and Wolock, Timothy M. and Berry, Jonathan and Sabala, Tomasz and Heard, Nathan and Delgado, Stephen and Jahn, Andreas and Kalua, Thokozani and Chimpandule, Tiwonge and Auld, Andrew and Kim, Evelyn and Payne, Danielle and Johnson, Leigh F. and FitzJohn, Richard G. and Wanyeki, Ian and Mahy, Mary I. and Shiraishi, Ray W.},
title = {{Naomi: a new modelling tool for estimating HIV epidemic indicators at the district level in sub-Saharan Africa}},
journal = {Journal of the International AIDS Society},
volume = {24},
number = {S5},
pages = {e25788},
keywords = {Bayesian statistics, HIV estimates, joint modelling, routine data, small-area estimation},
year = {2021}
}

@article{johnston2022deriving,
  title={{Deriving and interpreting population size estimates for adolescent and young key populations at higher risk of HIV transmission: men who have sex with men, female sex workers and transgender women}},
  author={Johnston, Lisa and Nguyen, Kinh Van and Balakrishnan, Sudha and Lwamba, Chibwe and Khalifa, Aleya and Sabin, Keith},
  year={2022}
}
