@article{sailynoja2021graphical,
  title={Graphical Test for Discrete Uniformity and its Applications in Goodness of Fit Evaluation and Multiple Sample Comparison},
  author={S{\"a}ilynoja, Teemu and B{\"u}rkner, Paul-Christian and Vehtari, Aki},
  journal={arXiv preprint arXiv:2103.10522},
  year={2021}
}
