@misc{unaids2021update,
  title={{2021 UNAIDS Global AIDS Update - Confronting inequalities - Lessons for pandemic responses from 40 years of AIDS}},
  author={UNAIDS},
  year={2021},
  publisher={Geneva, Switzerland}
}
