@article{jia2022risk,
  title={{Risk scores for predicting HIV incidence among adult heterosexual populations in sub-Saharan Africa: a systematic review and meta-analysis}},
  author={Jia, Katherine M and Eilerts, Hallie and Edun, Olanrewaju and Lam, Kevin and Howes, Adam and Thomas, Matthew L and Eaton, Jeffrey W},
  journal={Journal of the International AIDS Society},
  volume={25},
  number={1},
  pages={e25861},
  year={2022},
  publisher={Wiley Online Library}
}

@article{eaton2021naomi,
author = {Eaton, Jeffrey W. and Dwyer-Lindgren, Laura and Gutreuter, Steve and O'Driscoll, Megan and Stevens, Oliver and Bajaj, Sumali and Ashton, Rob and Hill, Alexandra and Russell, Emma and Esra, Rachel and Dolan, Nicolas and Anifowoshe, Yusuf O. and Woodbridge, Mark and Fellows, Ian and Glaubius, Robert and Haeuser, Emily and Okonek, Taylor and Stover, John and Thomas, Matthew L. and Wakefield, Jon and Wolock, Timothy M. and Berry, Jonathan and Sabala, Tomasz and Heard, Nathan and Delgado, Stephen and Jahn, Andreas and Kalua, Thokozani and Chimpandule, Tiwonge and Auld, Andrew and Kim, Evelyn and Payne, Danielle and Johnson, Leigh F. and FitzJohn, Richard G. and Wanyeki, Ian and Mahy, Mary I. and Shiraishi, Ray W.},
title = {{Naomi: a new modelling tool for estimating HIV epidemic indicators at the district level in sub-Saharan Africa}},
journal = {Journal of the International AIDS Society},
volume = {24},
number = {S5},
pages = {e25788},
keywords = {Bayesian statistics, HIV estimates, joint modelling, routine data, small-area estimation},
year = {2021}
}

@article{johnston2022deriving,
  title={{Deriving and interpreting population size estimates for adolescent and young key populations at higher risk of HIV transmission: men who have sex with men, female sex workers and transgender women}},
  author={Johnston, Lisa and Nguyen, Kinh Van and Balakrishnan, Sudha and Lwamba, Chibwe and Khalifa, Aleya and Sabin, Keith},
  year={2022}
}

@article{hodgins2022population,
  title={Population sizes, HIV prevalence, and HIV prevention among men who paid for sex in sub-Saharan Africa (2000--2020): A meta-analysis of 87 population-based surveys},
  author={Hodgins, Caroline and Stannah, James and Kuchukhidze, Salome and Zembe, Lycias and Eaton, Jeffrey W and Boily, Marie-Claude and Maheu-Giroux, Mathieu},
  journal={PLoS Medicine},
  volume={19},
  number={1},
  pages={e1003861},
  year={2022},
  publisher={Public Library of Science San Francisco, CA USA}
}

@article{slaymaker2020croi,
  title={{Risk factors for new HIV infections in the general population in sub-Saharan Africa}},
  author={Slaymaker, Emma and Risher, Kathryn A. and Abdul, Ramadhani and Marston, Milly and Tomlin, Keith and Newton, Robert and Ndyanabo, Anthony and McLean, Estelle and Dadirai, Tawanda and Kwaro, Daniel and Baisley, Kathy and Kishamawe, Coleman},
  year={2020}
}


@article{stevens2022estimating,
  title={{Estimating key population size, HIV prevalence, and ART coverage for sub-Saharan Africa at the national level}},
  author={Stevens, Oliver and Sabin, Keith and Arias Garcia, Sonia and Willis, Kalai and Abdul-Quader, Abu and McIntyre, Anne and Cowan, Frances and Degenhardt, Louisa and Zhou, Jinkou and Sathane, Isabel and Boothe, Makini and Platt, Lucy and Rice, Brian and Hladik, Wolfgang and Baral, Stefan and Mahy, Mary and Eaton, Jeffrey W.},
  year={2022}
}

@article{nguyen2022trends,
	author = {Nguyen, Van KÃ­nh and Eaton, Jeffrey W.},
	date = {2022/06/04},
	date-added = {2022-06-17 23:34:11 -0400},
	date-modified = {2022-06-17 23:34:11 -0400},
	doi = {10.1186/s12889-022-13451-y},
	id = {Nguyen2022},
	isbn = {1471-2458},
	journal = {BMC Public Health},
	number = {1},
	pages = {1120},
	title = {{Trends and country-level variation in age at first sex in sub-Saharan Africa among birth cohorts entering adulthood between 1985 and 2020}},
	url = {https://doi.org/10.1186/s12889-022-13451-y},
	volume = {22},
	year = {2022},
	bdsk-url-1 = {https://doi.org/10.1186/s12889-022-13451-y}
}

@article{simpson2017penalising,
  title={Penalising model component complexity: A principled, practical approach to constructing priors},
  author={Simpson, Daniel and Rue, H{\aa}vard and Riebler, Andrea and Martins, Thiago G and S{\o}rbye, Sigrunn H},
  journal={Statistical science},
  volume={32},
  number={1},
  pages={1--28},
  year={2017},
  publisher={Institute of Mathematical Statistics}
}
