@book{mccullagh1989generalized,
  title={Generalized linear models},
  author={McCullagh, Peter and Nelder, John A},
  year={1989},
  publisher={Routledge}
}

@article{lee2017poisson,
  title={On the" Poisson Trick" and its Extensions for Fitting Multinomial Regression Models},
  author={Lee, Jarod YL and Green, Peter J and Ryan, Louise M},
  journal={arXiv preprint arXiv:1707.08538},
  year={2017}
}

@article{hodgins2021cfsw,
  title={{HIV prevalence, population sizes, and HIV prevention among men who paid for sex in sub-Saharan Africa: a meta-analysis of 82 population-based surveys (2000-2020)}},
  author={Hodgins, Caroline and Stannah, James and Kuchukhidze, Salome and Zembe, Lycias and Eaton, Jeffrey W and Boily, Marie-Claude and Maheu-Giroux, Mathieu},
  year={2021}
}

@article{johnston2022deriving,
  title={Deriving and interpreting population size estimates for adolescent and young key populations at higher risk of HIV transmission: men who have sex with men, female sex workers and transgender women},
  author={Johnston, Lisa and Nguyen, Kinh Van and Balakrishnan, Sudha and Lwamba, Chibwe and Khalifa, Aleya and Sabin, Keith},
  year={2022}
}

@article{rue2009approximate,
  title={{Approximate Bayesian inference for latent Gaussian models by using integrated nested Laplace approximations}},
  author={Rue, H{\aa}vard and Martino, Sara and Chopin, Nicolas},
  journal={Journal of the Royal Statistical Society: Series B (Statistical Methodology)},
  volume={71},
  number={2},
  pages={319--392},
  year={2009},
  publisher={Wiley Online Library}
}
