@article{stevens2022estimating,
  title={{Estimating key population size, HIV prevalence, and ART coverage for sub-Saharan Africa at the national level}},
  author={Stevens, Oliver and Sabin, Keith and Arias Garcia, Sonia and Willis, Kalai and Abdul-Quader, Abu and McIntyre, Anne and Cowan, Frances and Degenhardt, Louisa and Zhou, Jinkou and Sathane, Isabel and Boothe, Makini and Platt, Lucy and Rice, Brian and Hladik, Wolfgang and Baral, Stefan and Mahy, Mary and Eaton, Jeffrey W.},
  year={2022}
}

@article{abdul2014estimating,
  title={Estimating the size of key populations: current status and future possibilities},
  author={Abdul-Quader, Abu S and Baughman, Andrew L and Hladik, Wolfgang},
  journal={Current Opinion in HIV and AIDS},
  volume={9},
  number={2},
  pages={107--114},
  year={2014},
  publisher={LWW}
}

@article{giguere2021trends,
  title={Trends in knowledge of HIV status and efficiency of HIV testing services in sub-Saharan Africa, 2000--20: a modelling study using survey and HIV testing programme data},
  author={Gigu{\`e}re, Katia and Eaton, Jeffrey W and Marsh, Kimberly and Johnson, Leigh F and Johnson, Cheryl C and Ehui, Eboi and Jahn, Andreas and Wanyeki, Ian and Mbofana, Francisco and Bakiono, Fid{\`e}le and others},
  journal={The Lancet HIV},
  volume={8},
  number={5},
  pages={e284--e293},
  year={2021},
  publisher={Elsevier}
}
