@book{mccullagh1989generalized,
  title={Generalized linear models},
  author={McCullagh, Peter and Nelder, John A},
  year={1989},
  publisher={Routledge}
}

@article{lee2017poisson,
  title={On the" Poisson Trick" and its Extensions for Fitting Multinomial Regression Models},
  author={Lee, Jarod YL and Green, Peter J and Ryan, Louise M},
  journal={arXiv preprint arXiv:1707.08538},
  year={2017}
}

@article{stevens2022estimating,
  title={{Estimating key population size, HIV prevalence, and ART coverage for sub-Saharan Africa at the national level}},
  author={Stevens, Oliver and Sabin, Keith and Arias Garcia, Sonia and Willis, Kalai and Abdul-Quader, Abu and McIntyre, Anne and Cowan, Frances and Degenhardt, Louisa and Zhou, Jinkou and Sathane, Isabel and Boothe, Makini and Platt, Lucy and Rice, Brian and Hladik, Wolfgang and Baral, Stefan and Mahy, Mary and Eaton, Jeffrey W.},
  year={2022}
}

@article{johnston2022deriving,
  title={Deriving and interpreting population size estimates for adolescent and young key populations at higher risk of HIV transmission: men who have sex with men, female sex workers and transgender women},
  author={Johnston, Lisa and Nguyen, Kinh Van and Balakrishnan, Sudha and Lwamba, Chibwe and Khalifa, Aleya and Sabin, Keith},
  year={2022}
}

@article{rue2009approximate,
  title={{Approximate Bayesian inference for latent Gaussian models by using integrated nested Laplace approximations}},
  author={Rue, H{\aa}vard and Martino, Sara and Chopin, Nicolas},
  journal={Journal of the Royal Statistical Society: Series B (Statistical Methodology)},
  volume={71},
  number={2},
  pages={319--392},
  year={2009},
  publisher={Wiley Online Library}
}

@article{eaton2021naomi,
author = {Eaton, Jeffrey W. and Dwyer-Lindgren, Laura and Gutreuter, Steve and O'Driscoll, Megan and Stevens, Oliver and Bajaj, Sumali and Ashton, Rob and Hill, Alexandra and Russell, Emma and Esra, Rachel and Dolan, Nicolas and Anifowoshe, Yusuf O. and Woodbridge, Mark and Fellows, Ian and Glaubius, Robert and Haeuser, Emily and Okonek, Taylor and Stover, John and Thomas, Matthew L. and Wakefield, Jon and Wolock, Timothy M. and Berry, Jonathan and Sabala, Tomasz and Heard, Nathan and Delgado, Stephen and Jahn, Andreas and Kalua, Thokozani and Chimpandule, Tiwonge and Auld, Andrew and Kim, Evelyn and Payne, Danielle and Johnson, Leigh F. and FitzJohn, Richard G. and Wanyeki, Ian and Mahy, Mary I. and Shiraishi, Ray W.},
title = {{Naomi: a new modelling tool for estimating HIV epidemic indicators at the district level in sub-Saharan Africa}},
journal = {Journal of the International AIDS Society},
volume = {24},
number = {S5},
pages = {e25788},
keywords = {Bayesian statistics, HIV estimates, joint modelling, routine data, small-area estimation},
year = {2021}
}

@article{hodgins2022population,
  title={Population sizes, HIV prevalence, and HIV prevention among men who paid for sex in sub-Saharan Africa (2000--2020): A meta-analysis of 87 population-based surveys},
  author={Hodgins, Caroline and Stannah, James and Kuchukhidze, Salome and Zembe, Lycias and Eaton, Jeffrey W and Boily, Marie-Claude and Maheu-Giroux, Mathieu},
  journal={PLoS Medicine},
  volume={19},
  number={1},
  pages={e1003861},
  year={2022},
  publisher={Public Library of Science San Francisco, CA USA}
}
